02RETORNO01COBRANCA       093900284477        SANTA FE CONSTRUT             341BANCO ITAU S.A.05122501600BPI00002061225                                                                                                                                                                                                                                                                                   000001
10204433035000175093900284477        000000000000000000010745800107458            109001074582             I03051225000010745800107458            150825000000012146334100000990000000000000                          000000000000000000000000000000000000000000000000000000000000000000000000000000         0000      0000000000000EDSON GOMES DA CUNHA                                 66000000         000002
10204433035000175093900284477        000000000000000000010745900107459            109001074590             I03051225000010745900107459            150925000000012146334100000990000000000000                          000000000000000000000000000000000000000000000000000000000000000000000000000000         0000      0000000000000EDSON GOMES DA CUNHA                                 66000000         000003
10204433035000175093900284477        000000000000000000010746000107460            109001074608             I03051225000010746000107460            151025000000012146334100000990000000000000                          000000000000000000000000000000000000000000000000000000000000000000000000000000         0000      0000000000000EDSON GOMES DA CUNHA                                 66000000         000004
10204433035000175093900284477        000000000000000000010746100107461            109001074616             I03051225000010746100107461            151125000000012146334100000990000000000000                          000000000000000000000000000000000000000000000000000000000000000000000000000000         0000      0000000000000EDSON GOMES DA CUNHA                                 66000000         000005
10204433035000175093900284477        000000000000000000010746200107462            109001074624             I02051225000010746200107462            151225000000012146334100000990000000000000                          000000000000000000000000000000000000000000000000000000000000000000000000000000         0000      0000000000000EDSON GOMES DA CUNHA                                 00000000         000006
300020101021226860014BR.GOV.BCB.PIX2564spi-h.itau.com.br/pix/qr/v2/41d82e40-a783-4841-a689-d6b0064316be5204000053039865802BR5925PIX TESTE GERADO 6009SAO PAULO62070503***63046D8C                                                                                                                                                                                                                      000000007
10204433035000175093900284477        000000000000000000010746300107463            109001074632             I02051225000010746300107463            150126000000012146334100000990000000000000                          000000000000000000000000000000000000000000000000000000000000000000000000000000         0000      0000000000000EDSON GOMES DA CUNHA                                 00000000         000008
300020101021226860014BR.GOV.BCB.PIX2564spi-h.itau.com.br/pix/qr/v2/41d82e40-a783-4841-a689-d6b0064316be5204000053039865802BR5925PIX TESTE GERADO 6009SAO PAULO62070503***63046D8C                                                                                                                                                                                                                      000000009
10204433035000175093900284477        000000000000000000010746400107464            109001074640             I02051225000010746400107464            150226000000012146334100000990000000000000                          000000000000000000000000000000000000000000000000000000000000000000000000000000         0000      0000000000000EDSON GOMES DA CUNHA                                 00000000         000010
300020101021226860014BR.GOV.BCB.PIX2564spi-h.itau.com.br/pix/qr/v2/41d82e40-a783-4841-a689-d6b0064316be5204000053039865802BR5925PIX TESTE GERADO 6009SAO PAULO62070503***63046D8C                                                                                                                                                                                                                      000000011
10204433035000175093900284477        000000000000000000010746500107465            109001074657             I02051225000010746500107465            150326000000012146334100000990000000000000                          000000000000000000000000000000000000000000000000000000000000000000000000000000         0000      0000000000000EDSON GOMES DA CUNHA                                 00000000         000012
300020101021226860014BR.GOV.BCB.PIX2564spi-h.itau.com.br/pix/qr/v2/41d82e40-a783-4841-a689-d6b0064316be5204000053039865802BR5925PIX TESTE GERADO 6009SAO PAULO62070503***63046D8C                                                                                                                                                                                                                      000000013
10204433035000175093900284477        000000000000000000010746600107466            109001074665             I02051225000010746600107466            150426000000012146334100000990000000000000                          000000000000000000000000000000000000000000000000000000000000000000000000000000         0000      0000000000000EDSON GOMES DA CUNHA                                 00000000         000014
300020101021226860014BR.GOV.BCB.PIX2564spi-h.itau.com.br/pix/qr/v2/41d82e40-a783-4841-a689-d6b0064316be5204000053039865802BR5925PIX TESTE GERADO 6009SAO PAULO62070503***63046D8C                                                                                                                                                                                                                      000000015
10204433035000175093900284477        000000000000000000010746700107467            109001074673             I02051225000010746700107467            150526000000012146334100000990000000000000                          000000000000000000000000000000000000000000000000000000000000000000000000000000         0000      0000000000000EDSON GOMES DA CUNHA                                 00000000         000016
300020101021226860014BR.GOV.BCB.PIX2564spi-h.itau.com.br/pix/qr/v2/41d82e40-a783-4841-a689-d6b0064316be5204000053039865802BR5925PIX TESTE GERADO 6009SAO PAULO62070503***63046D8C                                                                                                                                                                                                                      000000017
10204433035000175093900284477        000000000000000000010746800107468            109001074681             I02051225000010746800107468            150626000000012146334100000990000000000000                          000000000000000000000000000000000000000000000000000000000000000000000000000000         0000      0000000000000EDSON GOMES DA CUNHA                                 00000000         000018
300020101021226860014BR.GOV.BCB.PIX2564spi-h.itau.com.br/pix/qr/v2/41d82e40-a783-4841-a689-d6b0064316be5204000053039865802BR5925PIX TESTE GERADO 6009SAO PAULO62070503***63046D8C                                                                                                                                                                                                                      000000019
10204433035000175093900284477        000000000000000000022963600229636            109002296366             I03051225000022963600229636            171125000000007944234100000990000000000000                          000000000000000000000000000000000000000000000000000000000000000000000000000000         0000      0000000000000EDSON GOMES DA CUNHA                                 66000000         000020
9201341          000000000000000000000000000000          000000000000000000000000000000                                                                                          000000000000000000000000000000000020000001900000001415535                                                                                                                                                                000021
